@manual{kxsystems,
      title  = "Abridged Q Language Manual",
      author={Whitney, Arthur},
      url    = "http://www.kx.com",
      year   = "2009 (accessed November 6, 2015)"
    }  
    
@inproceedings{lernershashaaquery,
  title={Aquery: Query language for ordered data, optimization techniques, and experiments},
  author={Lerner, Alberto and Shasha, Dennis},
  booktitle={Proceedings of the 29th international conference on Very large data bases-Volume 29},
  pages={345--356},
  year={2003},
  organization={VLDB Endowment}
}

@phdthesis{lerner-thesis,
  author={Lerner, Alberto},
  title={Querying Ordered Databases with Aquery},
  school={Ph.D. Thesis, Ecole Nationale Superieure de Telecommunications},
  year = 2003,
  address={ENST-Paris}
}

@book{odersky2008programming,
  title={Programming in scala},
  author={Odersky, Martin and Spoon, Lex and Venners, Bill},
  year={2008},
  publisher={Artima Inc}
}


@inproceedings{gibbons2014folding,
  title={Folding domain-specific languages: deep and shallow embeddings (functional Pearl)},
  author={Gibbons, Jeremy and Wu, Nicolas},
  booktitle={ACM SIGPLAN Notices},
  volume={49},
  number={9},
  pages={339--347},
  year={2014},
  organization={ACM}
}

@inproceedings{artho2015domain,
  title={Domain-specific languages with scala},
  author={Artho, Cyrille and Havelund, Klaus and Kumar, Rahul and Yamagata, Yoriyuki},
  booktitle={International Conference on Formal Engineering Methods},
  pages={1--16},
  year={2015},
  organization={Springer}
}